
    <marc:record>
        <marc:leader>04081cam a2200421 a 4500</marc:leader>
        <marc:controlfield tag="001">u1971680</marc:controlfield>
        <marc:controlfield tag="003">SIRSI</marc:controlfield>
        <marc:controlfield tag="008">930830s1992    xx ao    b    000 0 eng d</marc:controlfield>
        <marc:datafield tag="035" ind1=" " ind2=" ">
            <marc:subfield code="a">(OCoLC)28714838</marc:subfield>
        </marc:datafield>
        <marc:datafield tag="040" ind1=" " ind2=" ">
            <marc:subfield code="a">LUU</marc:subfield>
            <marc:subfield code="c">LUU</marc:subfield>
        </marc:datafield>
        <marc:datafield tag="049" ind1=" " ind2=" ">
            <marc:subfield code="a">LUUD</marc:subfield>
        </marc:datafield>
        <marc:datafield tag="092" ind1=" " ind2=" ">
            <marc:subfield code="a">378.76</marc:subfield>
            <marc:subfield code="b">L930d, 1992</marc:subfield>
        </marc:datafield>
        <marc:datafield tag="100" ind1="1" ind2=" ">
            <marc:subfield code="a">Zheng, Ling,</marc:subfield>
            <marc:subfield code="d">1961-</marc:subfield>
        </marc:datafield>
        <marc:datafield tag="245" ind1="1" ind2="4">
            <marc:subfield code="a">The purification of McrB and McrC proteins in McrBC restriction system of Escherichia coli K12 and DNA sequencing of the region downstream of mcrC /</marc:subfield>
            <marc:subfield code="c">by Ling Zheng.</marc:subfield>
        </marc:datafield>
        <marc:datafield tag="260" ind1=" " ind2=" ">
            <marc:subfield code="c">1992.</marc:subfield>
        </marc:datafield>
        <marc:datafield tag="300" ind1=" " ind2=" ">
            <marc:subfield code="a">ix, 94 leaves :</marc:subfield>
            <marc:subfield code="b">ill., mounted photos ;</marc:subfield>
            <marc:subfield code="c">29 cm.</marc:subfield>
        </marc:datafield>
        <marc:datafield tag="300" ind1=" " ind2=" ">
            <marc:subfield code="a">104 p.</marc:subfield>
        </marc:datafield>
        <marc:datafield tag="490" ind1="1" ind2=" ">
            <marc:subfield code="a">[Dissertation / Louisiana State University] ;</marc:subfield>
            <marc:subfield code="v">1992</marc:subfield>
        </marc:datafield>
        <marc:datafield tag="500" ind1=" " ind2=" ">
            <marc:subfield code="a">&quot;Source: Dissertation Abstracts International, Volume: 53-08, Section: B, page: 3925.;Director: Hugh D. Braymer.&quot;</marc:subfield>
        </marc:datafield>
        <marc:datafield tag="502" ind1=" " ind2=" ">
            <marc:subfield code="a">Thesis (Ph. D.)--Louisiana State University, Baton Rouge, 1992.</marc:subfield>
        </marc:datafield>
        <marc:datafield tag="500" ind1=" " ind2=" ">
            <marc:subfield code="a">Vita.</marc:subfield>
        </marc:datafield>
        <marc:datafield tag="504" ind1=" " ind2=" ">
            <marc:subfield code="a">Includes bibliographical references (leaves 88-93).</marc:subfield>
        </marc:datafield>
        <marc:datafield tag="500" ind1=" " ind2=" ">
            <marc:subfield code="a">Abstract.</marc:subfield>
        </marc:datafield>
        <marc:datafield tag="520" ind1=" " ind2=" ">
            <marc:subfield code="a">&quot;The McrBC restriction system of Escherichia coli K12 degrades methylcytosine-containing foreign DNA. Two genes mcrB and mcrC had been shown to be required for the McrBC restriction (Ross, et al., J. Bacteriol., 1989b). To explore the involvement of additional gene(s), a 1.7 kb fragment downstream of the mcrC was cloned and sequenced. Also mutants containing deletion in mcrBC or the downstream region were isolated by transposon excision. Genetic complementation studies confirmed that only DNA containing mcrB and mcrC gene on a high copy plasmid were needed to fully restored McrBC restriction. Deletion of the 1.7 kb fragment from or addition to McrBC encoded on a high copy number plasmid did not cause detectable effects on the McrBC activity.;These proteins encoded by mcrBC genes were purified from cells in which products were overexpressed by using T-7 expression systems. Following sequential DEAE-Sepharose and Affi-Gel blue column chromatography, the mcrB encoded 51-kDa and 33-kDa polypeptides were co-purified. The mcrC encoded 39-kDa polypeptide was purified using DEAE-Sepharose and hydroxylapatite column chromatography. The sizes and N-terminal amino acid sequences of the McrBC proteins are in agreement with those predicted from the maxicell analysis and the DNA sequence (Ross, et al., 1989b), providing evidence for the translation initiation sites for these McrBC polypeptides.;Finally, attempt to quantitate the number of McrB product within a E. coli cell were performed. Antibodies against the 51-kDa McrB product were obtained after injecting rabbits with a purified 51-kDa McrB. These antibodies were able to detect about 100 picograms of the purified polypeptide using a chemiluminescent assay. However, the McrB proteins could be detected only from cell extracts harboring mcrB-containing plasmids. No detectable Western band could be found from extracts of bacteria containing only the chromosomal mcrBC under various physiological conditions. These data appear to indicate that the level of mcrB proteins expressed by bacterial chromosomal copy is extremely low.&quot;</marc:subfield>
        </marc:datafield>
        <marc:datafield tag="650" ind1=" " ind2="0">
            <marc:subfield code="a">DNA antibodies.</marc:subfield>
        </marc:datafield>
        <marc:datafield tag="650" ind1=" " ind2="0">
            <marc:subfield code="a">Restriction enzymes, DNA.</marc:subfield>
        </marc:datafield>
        <marc:datafield tag="710" ind1="2" ind2="0">
            <marc:subfield code="a">Louisiana State University (Baton Rouge, La.).</marc:subfield>
            <marc:subfield code="b">Dept. of Microbiology.</marc:subfield>
        </marc:datafield>
        <marc:datafield tag="791" ind1=" " ind2=" ">
            <marc:subfield code="a">Ph.D.</marc:subfield>
        </marc:datafield>
        <marc:datafield tag="792" ind1=" " ind2=" ">
            <marc:subfield code="a">1992</marc:subfield>
        </marc:datafield>
        <marc:datafield tag="793" ind1=" " ind2=" ">
            <marc:subfield code="a">English</marc:subfield>
        </marc:datafield>
        <marc:datafield tag="830" ind1=" " ind2="0">
            <marc:subfield code="a">Dissertation (Louisiana State University (Baton Rouge, La.)) ;</marc:subfield>
            <marc:subfield code="v">1992.</marc:subfield>
        </marc:datafield>
        <marc:datafield tag="856" ind1=" " ind2=" ">
            <marc:subfield code="u">http://gateway.proquest.com/openurl?url_ver=Z39.88-2004&amp;rft_val_fmt=info:ofi/fmt:kev:mtx:dissertation&amp;res_dat=xri:pqm&amp;rft_dat=xri:pqdiss:9301117</marc:subfield>
        </marc:datafield>
        <marc:datafield tag="948" ind1=" " ind2=" ">
            <marc:subfield code="a">2/21/1995</marc:subfield>
            <marc:subfield code="c">8/30/1993</marc:subfield>
        </marc:datafield>
        <marc:datafield tag="596" ind1=" " ind2=" ">
            <marc:subfield code="a">1 6 8</marc:subfield>
        </marc:datafield>
        <marc:datafield tag="998" ind1=" " ind2=" ">
            <marc:subfield code="a">AAI9301117</marc:subfield>
        </marc:datafield>
        <marc:datafield tag="999" ind1=" " ind2=" ">
            <marc:subfield code="a">378.76 L930D 1992 ZHEN</marc:subfield>
            <marc:subfield code="w">DEWEY</marc:subfield>
            <marc:subfield code="c">1</marc:subfield>
            <marc:subfield code="i">31518026059208</marc:subfield>
            <marc:subfield code="d">9/10/1995</marc:subfield>
            <marc:subfield code="l">STACKS</marc:subfield>
            <marc:subfield code="m">MIDL-MAIN</marc:subfield>
            <marc:subfield code="n">1</marc:subfield>
            <marc:subfield code="r">Y</marc:subfield>
            <marc:subfield code="s">Y</marc:subfield>
            <marc:subfield code="t">BOOK</marc:subfield>
            <marc:subfield code="u">12/10/2001</marc:subfield>
            <marc:subfield code="x">DISS</marc:subfield>
        </marc:datafield>
        <marc:datafield tag="999" ind1=" " ind2=" ">
            <marc:subfield code="a">MICROFICHE 1900 NO.1992-82</marc:subfield>
            <marc:subfield code="w">ALPHANUM</marc:subfield>
            <marc:subfield code="c">1</marc:subfield>
            <marc:subfield code="i">31518097412443</marc:subfield>
            <marc:subfield code="j">2</marc:subfield>
            <marc:subfield code="l">STACKS</marc:subfield>
            <marc:subfield code="m">DOCS_MICRO</marc:subfield>
            <marc:subfield code="r">Y</marc:subfield>
            <marc:subfield code="s">Y</marc:subfield>
            <marc:subfield code="t">MICROFORM</marc:subfield>
            <marc:subfield code="u">12/10/2001</marc:subfield>
            <marc:subfield code="x">DISS</marc:subfield>
        </marc:datafield>
        <marc:datafield tag="999" ind1=" " ind2=" ">
            <marc:subfield code="a">LSU DISSERTATION 1992 ZHENG</marc:subfield>
            <marc:subfield code="w">ASIS</marc:subfield>
            <marc:subfield code="c">1</marc:subfield>
            <marc:subfield code="i">1971680-4001</marc:subfield>
            <marc:subfield code="l">UARCHIVES</marc:subfield>
            <marc:subfield code="m">SPEC_COLL</marc:subfield>
            <marc:subfield code="r">Y</marc:subfield>
            <marc:subfield code="s">Y</marc:subfield>
            <marc:subfield code="t">BOOK</marc:subfield>
            <marc:subfield code="u">6/10/2015</marc:subfield>
            <marc:subfield code="x">DISS</marc:subfield>
            <marc:subfield code="o">.STAFF. Archival Copy. Iron Mountain, LSU Dissertations Box 26 (T824755218)</marc:subfield>
        </marc:datafield>
    </marc:record>