
    <marc:record>
        <marc:leader>04206cam a2200445 a 4500</marc:leader>
        <marc:controlfield tag="001">u1971681</marc:controlfield>
        <marc:controlfield tag="003">SIRSI</marc:controlfield>
        <marc:controlfield tag="008">930830s1992    xx abo   b    000 0 eng d</marc:controlfield>
        <marc:datafield tag="035" ind1=" " ind2=" ">
            <marc:subfield code="a">(OCoLC)28714880</marc:subfield>
        </marc:datafield>
        <marc:datafield tag="040" ind1=" " ind2=" ">
            <marc:subfield code="a">LUU</marc:subfield>
            <marc:subfield code="c">LUU</marc:subfield>
        </marc:datafield>
        <marc:datafield tag="043" ind1=" " ind2=" ">
            <marc:subfield code="a">s-ck---</marc:subfield>
        </marc:datafield>
        <marc:datafield tag="049" ind1=" " ind2=" ">
            <marc:subfield code="a">LUUD</marc:subfield>
        </marc:datafield>
        <marc:datafield tag="092" ind1=" " ind2=" ">
            <marc:subfield code="a">378.76</marc:subfield>
            <marc:subfield code="b">L930d, 1992</marc:subfield>
        </marc:datafield>
        <marc:datafield tag="100" ind1="1" ind2=" ">
            <marc:subfield code="a">Lo패pez, Dina Areli패 Larios,</marc:subfield>
            <marc:subfield code="d">1951-</marc:subfield>
        </marc:datafield>
        <marc:datafield tag="245" ind1="1" ind2="4">
            <marc:subfield code="a">The hydrothermal system of Nevado del Ruiz Volcano, Colombia /</marc:subfield>
            <marc:subfield code="c">by Dina Areli패 Larios Lo패pez.</marc:subfield>
        </marc:datafield>
        <marc:datafield tag="260" ind1=" " ind2=" ">
            <marc:subfield code="c">1992.</marc:subfield>
        </marc:datafield>
        <marc:datafield tag="300" ind1=" " ind2=" ">
            <marc:subfield code="a">xx, 296 leaves :</marc:subfield>
            <marc:subfield code="b">ill. (some col., some fold.), map, mounted photo  ;</marc:subfield>
            <marc:subfield code="c">29 cm.</marc:subfield>
        </marc:datafield>
        <marc:datafield tag="300" ind1=" " ind2=" ">
            <marc:subfield code="a">317 p.</marc:subfield>
        </marc:datafield>
        <marc:datafield tag="490" ind1="1" ind2=" ">
            <marc:subfield code="a">[Dissertation / Louisiana State University] ;</marc:subfield>
            <marc:subfield code="v">1992</marc:subfield>
        </marc:datafield>
        <marc:datafield tag="500" ind1=" " ind2=" ">
            <marc:subfield code="a">&quot;Source: Dissertation Abstracts International, Volume: 53-08, Section: B, page: 3987.;Directors: Stanley N. Williams; Jeffrey S. Hanor.&quot;</marc:subfield>
        </marc:datafield>
        <marc:datafield tag="502" ind1=" " ind2=" ">
            <marc:subfield code="a">Thesis (Ph. D.)--Louisiana State University, Baton Rouge, 1992.</marc:subfield>
        </marc:datafield>
        <marc:datafield tag="500" ind1=" " ind2=" ">
            <marc:subfield code="a">Vita.</marc:subfield>
        </marc:datafield>
        <marc:datafield tag="504" ind1=" " ind2=" ">
            <marc:subfield code="a">Includes bibliographical references (leaves 266-272).</marc:subfield>
        </marc:datafield>
        <marc:datafield tag="500" ind1=" " ind2=" ">
            <marc:subfield code="a">Abstract.</marc:subfield>
        </marc:datafield>
        <marc:datafield tag="520" ind1=" " ind2=" ">
            <marc:subfield code="a">&quot;Nevado del Ruiz is an andesitic stratovolcano located 150 km northwest of Bogota, Colombia. This volcano is characterized by a large hydrothermal system with two very distinctive types of water: acid sulfate waters, and bicarbonate and neutral chloride waters. The waters within each group fall in well-defined lines on compositional cross plots. There is an apparent lack of mixing between the two water types. The acid sulfate waters appear to be related to the north-west striking and seismically active Villamaria-Termales fault. The neutral chloride waters are clustered to the west and south-east of the volcano. The bicarbonate waters are more widespread. Several hydrothermally-altered samples from Nevado del Ruiz volcano hydrothermal system were analyzed using X-ray diffraction techniques. It is possible to distinguish two sets of mineral assemblages which correspond to the two water types. The acid sulfate waters produce cristobalite, sulfates, hematite or pyrite, sulfur and minor amounts of trydimite, kaolinite, smectite, and illite. The alteration products at the neutral chloride and bicarbonate waters include mainly carbonates and cristobalite. Simulation of the reactions between the hydrothermal fluids and the basaltic andesites of the lower volcanic units at Ruiz using the computer program CHILLER yields mineral assemblages which are consistent with the observed alteration mineralogy.;High chloride and sulfate concentrations, and helium and sulfur isotopes suggest that the acid sulfate waters have an important magmatic contribution. The chemistry of the acid sulfate waters can best be explained largely by bulk dissolution of the volcanic rocks at Ruiz. The composition of the neutral chloride and bicarbonate waters suggests mineral equilibria with feldspars and carbonates. Both types of waters appear to be the product of mixing of high salinity end members with different proportions of meteoric water. Linear variations in composition of the gases discharged at Ruiz suggest that the gas phase also represents mixing. Faults and contacts play a key role in the circulation of fluids at Ruiz.&quot;</marc:subfield>
        </marc:datafield>
        <marc:datafield tag="650" ind1=" " ind2="0">
            <marc:subfield code="a">Volcanoes</marc:subfield>
            <marc:subfield code="z">Colombia.</marc:subfield>
        </marc:datafield>
        <marc:datafield tag="651" ind1=" " ind2="0">
            <marc:subfield code="a">Ruiz, Nevado del (Colombia)</marc:subfield>
        </marc:datafield>
        <marc:datafield tag="650" ind1=" " ind2="0">
            <marc:subfield code="a">Hydrogeology</marc:subfield>
            <marc:subfield code="z">Columbia.</marc:subfield>
        </marc:datafield>
        <marc:datafield tag="710" ind1="2" ind2="0">
            <marc:subfield code="a">Louisiana State University (Baton Rouge, La.).</marc:subfield>
            <marc:subfield code="b">Dept. of Geology and Geophysics.</marc:subfield>
        </marc:datafield>
        <marc:datafield tag="791" ind1=" " ind2=" ">
            <marc:subfield code="a">Ph.D.</marc:subfield>
        </marc:datafield>
        <marc:datafield tag="792" ind1=" " ind2=" ">
            <marc:subfield code="a">1992</marc:subfield>
        </marc:datafield>
        <marc:datafield tag="793" ind1=" " ind2=" ">
            <marc:subfield code="a">English</marc:subfield>
        </marc:datafield>
        <marc:datafield tag="830" ind1=" " ind2="0">
            <marc:subfield code="a">Dissertation (Louisiana State University (Baton Rouge, La.)) ;</marc:subfield>
            <marc:subfield code="v">1992.</marc:subfield>
        </marc:datafield>
        <marc:datafield tag="856" ind1=" " ind2=" ">
            <marc:subfield code="u">http://gateway.proquest.com/openurl?url_ver=Z39.88-2004&amp;rft_val_fmt=info:ofi/fmt:kev:mtx:dissertation&amp;res_dat=xri:pqm&amp;rft_dat=xri:pqdiss:9301079</marc:subfield>
        </marc:datafield>
        <marc:datafield tag="948" ind1=" " ind2=" ">
            <marc:subfield code="a">2/21/1995</marc:subfield>
            <marc:subfield code="c">8/30/1993</marc:subfield>
        </marc:datafield>
        <marc:datafield tag="596" ind1=" " ind2=" ">
            <marc:subfield code="a">1 6 8</marc:subfield>
        </marc:datafield>
        <marc:datafield tag="998" ind1=" " ind2=" ">
            <marc:subfield code="a">AAI9301079</marc:subfield>
        </marc:datafield>
        <marc:datafield tag="999" ind1=" " ind2=" ">
            <marc:subfield code="a">378.76 L930D 1992 LOPE</marc:subfield>
            <marc:subfield code="w">DEWEY</marc:subfield>
            <marc:subfield code="c">1</marc:subfield>
            <marc:subfield code="i">31518026059216</marc:subfield>
            <marc:subfield code="d">9/12/2011</marc:subfield>
            <marc:subfield code="e">9/2/2010</marc:subfield>
            <marc:subfield code="l">STACKS</marc:subfield>
            <marc:subfield code="m">MIDL-MAIN</marc:subfield>
            <marc:subfield code="n">1</marc:subfield>
            <marc:subfield code="q">2</marc:subfield>
            <marc:subfield code="r">Y</marc:subfield>
            <marc:subfield code="s">Y</marc:subfield>
            <marc:subfield code="t">BOOK</marc:subfield>
            <marc:subfield code="u">12/10/2001</marc:subfield>
            <marc:subfield code="x">DISS</marc:subfield>
        </marc:datafield>
        <marc:datafield tag="999" ind1=" " ind2=" ">
            <marc:subfield code="a">MICROFICHE 1900 NO.1992-43</marc:subfield>
            <marc:subfield code="w">ALPHANUM</marc:subfield>
            <marc:subfield code="c">1</marc:subfield>
            <marc:subfield code="i">31518097412070</marc:subfield>
            <marc:subfield code="j">4</marc:subfield>
            <marc:subfield code="l">STACKS</marc:subfield>
            <marc:subfield code="m">DOCS_MICRO</marc:subfield>
            <marc:subfield code="r">Y</marc:subfield>
            <marc:subfield code="s">Y</marc:subfield>
            <marc:subfield code="t">MICROFORM</marc:subfield>
            <marc:subfield code="u">12/10/2001</marc:subfield>
            <marc:subfield code="x">DISS</marc:subfield>
        </marc:datafield>
        <marc:datafield tag="999" ind1=" " ind2=" ">
            <marc:subfield code="a">LSU DISSERTATION 1992 LOPEZ</marc:subfield>
            <marc:subfield code="w">ASIS</marc:subfield>
            <marc:subfield code="c">1</marc:subfield>
            <marc:subfield code="i">1971681-4001</marc:subfield>
            <marc:subfield code="l">UARCHIVES</marc:subfield>
            <marc:subfield code="m">SPEC_COLL</marc:subfield>
            <marc:subfield code="r">Y</marc:subfield>
            <marc:subfield code="s">Y</marc:subfield>
            <marc:subfield code="t">BOOK</marc:subfield>
            <marc:subfield code="u">6/9/2015</marc:subfield>
            <marc:subfield code="x">DISS</marc:subfield>
            <marc:subfield code="o">.STAFF. Archival Copy. Iron Mountain, LSU Dissertations Box 18 (T824755210)</marc:subfield>
        </marc:datafield>
    </marc:record>