
    <marc:record>
        <marc:leader>04284nam a2200433 a 4500</marc:leader>
        <marc:controlfield tag="001">u537886</marc:controlfield>
        <marc:controlfield tag="003">SIRSI</marc:controlfield>
        <marc:controlfield tag="008">870213s1985    xx ab    b    000 0 eng d</marc:controlfield>
        <marc:datafield tag="035" ind1=" " ind2=" ">
            <marc:subfield code="a">(OCoLC)15193481</marc:subfield>
        </marc:datafield>
        <marc:datafield tag="040" ind1=" " ind2=" ">
            <marc:subfield code="a">LUU</marc:subfield>
            <marc:subfield code="c">LUU</marc:subfield>
        </marc:datafield>
        <marc:datafield tag="043" ind1=" " ind2=" ">
            <marc:subfield code="a">n-us-la</marc:subfield>
        </marc:datafield>
        <marc:datafield tag="049" ind1=" " ind2=" ">
            <marc:subfield code="a">LUUD [Also on] [micro-] [fiche] [1900] [no.] [1985-128]</marc:subfield>
        </marc:datafield>
        <marc:datafield tag="092" ind1=" " ind2=" ">
            <marc:subfield code="a">378.76</marc:subfield>
            <marc:subfield code="b">L930d, 1985</marc:subfield>
        </marc:datafield>
        <marc:datafield tag="100" ind1="1" ind2=" ">
            <marc:subfield code="a">Steller, Diana Lee,</marc:subfield>
            <marc:subfield code="d">1950-</marc:subfield>
        </marc:datafield>
        <marc:datafield tag="245" ind1="1" ind2="0">
            <marc:subfield code="a">Production and nitrogen dynamics of a Vallisneria americana grass bed in Lake Pontchartrain, Louisiana /</marc:subfield>
            <marc:subfield code="c">by Diana Lee Steller.</marc:subfield>
        </marc:datafield>
        <marc:datafield tag="260" ind1=" " ind2=" ">
            <marc:subfield code="c">1985</marc:subfield>
        </marc:datafield>
        <marc:datafield tag="300" ind1=" " ind2=" ">
            <marc:subfield code="a">xiii, 270 leaves :</marc:subfield>
            <marc:subfield code="b">ill., maps ;</marc:subfield>
            <marc:subfield code="c">29 cm.</marc:subfield>
        </marc:datafield>
        <marc:datafield tag="300" ind1=" " ind2=" ">
            <marc:subfield code="a">286 p.</marc:subfield>
        </marc:datafield>
        <marc:datafield tag="490" ind1="1" ind2=" ">
            <marc:subfield code="a">[Dissertation / Louisiana State University] ;</marc:subfield>
            <marc:subfield code="v">1985</marc:subfield>
        </marc:datafield>
        <marc:datafield tag="500" ind1=" " ind2=" ">
            <marc:subfield code="a">&quot;Source: Dissertation Abstracts International, Volume: 47-03, Section: B, page: 8820.&quot;</marc:subfield>
        </marc:datafield>
        <marc:datafield tag="502" ind1=" " ind2=" ">
            <marc:subfield code="a">Thesis (Ph. D.)--Louisiana State University, Baton Rouge, 1985.</marc:subfield>
        </marc:datafield>
        <marc:datafield tag="500" ind1=" " ind2=" ">
            <marc:subfield code="a">Vita.</marc:subfield>
        </marc:datafield>
        <marc:datafield tag="504" ind1=" " ind2=" ">
            <marc:subfield code="a">Includes bibliographies.</marc:subfield>
        </marc:datafield>
        <marc:datafield tag="520" ind1=" " ind2=" ">
            <marc:subfield code="a">Abstract.</marc:subfield>
        </marc:datafield>
        <marc:datafield tag="520" ind1=" " ind2=" ">
            <marc:subfield code="a">&quot;Vallisneria americana grass beds of Lake Pontchartrain contribute approximately 200 g dry weight/m('2)/yr primary production, a continuous release of detrital material, and rapid nutrient recycling. A harvest method was used to estimate production. The addition of litterfall to harvest production raised annual production estimates by up to 28%. When litterfall was corrected for decomposition, the production estimates were raised by up to 85% over harvest estimates alone. Litterfall and decomposition increased toward shore and occurred throughout the year providing a continuous supply of energy and nutrients. Grass bed production varied along the coastline and was greatest at mid-depths.;Values of the environmental factors were most extreme near and far from shore. Severe environmental conditions are related to the patterns of biomass and production. The bell-shaped depth distribution pattern is perpetuated annually by survival of grass and by dormancy of fruit during the winter at mid-depths. The majority of fruit are produced at mid-depths where biomass and production are greatest. The surviving plants or new shoots start growing first at mid-depths, and later radiate out via the rhizome system to revegetate the entire grass bed. Although depth distribution patterns are similar along the coastline, the grass bed extends almost twice as far from shore at the control area as at the nitrogen enriched area. Water clarity was significantly greater at the control area than at the nitrogen enriched area. Light penetration may determine the compensation depth of the grass bed.;Seasonal fluctuations of leaf and root and rhizome nitrogen simulated by GROW are very similar to field experimental values. GROW was most sensitive to the forcing functions light, temperature, and sediment nitrogen. GROW was validated using initial conditions from the nitrogen enriched grass bed and had correlations better than 80% between simulated and measured leaf and root and rhizome nitrogen. Once validated, GROW was run under normal and reduced light conditions. When light reaching the sediment surface was reduced by 50%, the Vallisneria leaf and root and rhizome nitrogen declined to zero within a year. This suggests that conditions that reduce water clarity could cause the loss of the grass beds.&quot;</marc:subfield>
        </marc:datafield>
        <marc:datafield tag="650" ind1=" " ind2="0">
            <marc:subfield code="a">Seagrasses</marc:subfield>
            <marc:subfield code="z">Pontchartrain, Lake.</marc:subfield>
        </marc:datafield>
        <marc:datafield tag="651" ind1=" " ind2="0">
            <marc:subfield code="a">Pontchartrain, Lake (La.)</marc:subfield>
        </marc:datafield>
        <marc:datafield tag="710" ind1="2" ind2="0">
            <marc:subfield code="a">Louisiana State University (Baton Rouge, La.).</marc:subfield>
            <marc:subfield code="b">Dept. of Marine Sciences.</marc:subfield>
        </marc:datafield>
        <marc:datafield tag="791" ind1=" " ind2=" ">
            <marc:subfield code="a">Ph.D.</marc:subfield>
        </marc:datafield>
        <marc:datafield tag="792" ind1=" " ind2=" ">
            <marc:subfield code="a">1985</marc:subfield>
        </marc:datafield>
        <marc:datafield tag="793" ind1=" " ind2=" ">
            <marc:subfield code="a">English</marc:subfield>
        </marc:datafield>
        <marc:datafield tag="830" ind1=" " ind2="0">
            <marc:subfield code="a">Dissertation (Louisiana State University (Baton Rouge, La.)) ;</marc:subfield>
            <marc:subfield code="v">1985.</marc:subfield>
        </marc:datafield>
        <marc:datafield tag="856" ind1=" " ind2=" ">
            <marc:subfield code="u">http://gateway.proquest.com/openurl?url_ver=Z39.88-2004&amp;rft_val_fmt=info:ofi/fmt:kev:mtx:dissertation&amp;res_dat=xri:pqm&amp;rft_dat=xri:pqdiss:8610675</marc:subfield>
        </marc:datafield>
        <marc:datafield tag="948" ind1=" " ind2=" ">
            <marc:subfield code="a">2/21/1995</marc:subfield>
            <marc:subfield code="c">2/13/1987</marc:subfield>
        </marc:datafield>
        <marc:datafield tag="596" ind1=" " ind2=" ">
            <marc:subfield code="a">1 6 8</marc:subfield>
        </marc:datafield>
        <marc:datafield tag="998" ind1=" " ind2=" ">
            <marc:subfield code="a">AAI8610675</marc:subfield>
        </marc:datafield>
        <marc:datafield tag="999" ind1=" " ind2=" ">
            <marc:subfield code="a">378.76 L930D 1985 STEL</marc:subfield>
            <marc:subfield code="w">DEWEY</marc:subfield>
            <marc:subfield code="c">1</marc:subfield>
            <marc:subfield code="i">537886-1001</marc:subfield>
            <marc:subfield code="l">UARCHIVES</marc:subfield>
            <marc:subfield code="m">SPEC_COLL</marc:subfield>
            <marc:subfield code="r">Y</marc:subfield>
            <marc:subfield code="s">Y</marc:subfield>
            <marc:subfield code="t">BOOK</marc:subfield>
            <marc:subfield code="u">11/27/2001</marc:subfield>
            <marc:subfield code="x">DISS</marc:subfield>
        </marc:datafield>
        <marc:datafield tag="999" ind1=" " ind2=" ">
            <marc:subfield code="a">MICROFICHE 1900 NO.1985-128</marc:subfield>
            <marc:subfield code="w">ALPHANUM</marc:subfield>
            <marc:subfield code="c">1</marc:subfield>
            <marc:subfield code="i">31518089905768</marc:subfield>
            <marc:subfield code="d">9/24/1998</marc:subfield>
            <marc:subfield code="j">3</marc:subfield>
            <marc:subfield code="l">STACKS</marc:subfield>
            <marc:subfield code="m">DOCS_MICRO</marc:subfield>
            <marc:subfield code="n">1</marc:subfield>
            <marc:subfield code="r">Y</marc:subfield>
            <marc:subfield code="s">Y</marc:subfield>
            <marc:subfield code="t">MICROFORM</marc:subfield>
            <marc:subfield code="u">11/27/2001</marc:subfield>
            <marc:subfield code="x">MICROFICHE</marc:subfield>
            <marc:subfield code="o">.STAFF.  raw; il:5211872 (FZU)</marc:subfield>
        </marc:datafield>
        <marc:datafield tag="999" ind1=" " ind2=" ">
            <marc:subfield code="a">378.76 L930D 1985 STEL</marc:subfield>
            <marc:subfield code="w">DEWEY</marc:subfield>
            <marc:subfield code="c">1</marc:subfield>
            <marc:subfield code="i">31518090922968</marc:subfield>
            <marc:subfield code="d">11/29/2005</marc:subfield>
            <marc:subfield code="e">3/28/2003</marc:subfield>
            <marc:subfield code="l">STACKS</marc:subfield>
            <marc:subfield code="m">MIDL-MAIN</marc:subfield>
            <marc:subfield code="n">1</marc:subfield>
            <marc:subfield code="q">1</marc:subfield>
            <marc:subfield code="r">Y</marc:subfield>
            <marc:subfield code="s">Y</marc:subfield>
            <marc:subfield code="t">BOOK</marc:subfield>
            <marc:subfield code="u">11/27/2001</marc:subfield>
            <marc:subfield code="x">DISS</marc:subfield>
        </marc:datafield>
    </marc:record>