
    <marc:record>
        <marc:leader>01649cam a2200349 a 4500</marc:leader>
        <marc:controlfield tag="001">u909457</marc:controlfield>
        <marc:controlfield tag="003">SIRSI</marc:controlfield>
        <marc:controlfield tag="008">890214s1966    xx a     b    000 0 eng d</marc:controlfield>
        <marc:datafield tag="100" ind1="1" ind2=" ">
            <marc:subfield code="a">Hamilton, Xandra Lon,</marc:subfield>
            <marc:subfield code="d">1936-</marc:subfield>
        </marc:datafield>
        <marc:datafield tag="245" ind1="1" ind2="4">
            <marc:subfield code="a">The effects of isometric and isotonic endurance exercises on the development of cardiovascular efficiency of eighth grade girls classified according to initial cardiovascular efficiency and weight.</marc:subfield>
        </marc:datafield>
        <marc:datafield tag="260" ind1=" " ind2=" ">
            <marc:subfield code="c">1966.</marc:subfield>
        </marc:datafield>
        <marc:datafield tag="300" ind1=" " ind2=" ">
            <marc:subfield code="a">xii, 84 leaves :</marc:subfield>
            <marc:subfield code="b">ill. ;</marc:subfield>
            <marc:subfield code="c">29 cm.</marc:subfield>
        </marc:datafield>
        <marc:datafield tag="300" ind1=" " ind2=" ">
            <marc:subfield code="a">97 p.</marc:subfield>
        </marc:datafield>
        <marc:datafield tag="490" ind1="1" ind2=" ">
            <marc:subfield code="a">[Dissertation / Louisiana State University] ;</marc:subfield>
            <marc:subfield code="v">1966</marc:subfield>
        </marc:datafield>
        <marc:datafield tag="500" ind1=" " ind2=" ">
            <marc:subfield code="a">&quot;Source: Dissertation Abstracts International, Volume: 27-01, Section: A, page: 1010.&quot;</marc:subfield>
        </marc:datafield>
        <marc:datafield tag="502" ind1=" " ind2=" ">
            <marc:subfield code="a">Thesis (Ed.D.)--Louisiana State University, Baton Rouge, 1966.</marc:subfield>
        </marc:datafield>
        <marc:datafield tag="500" ind1=" " ind2=" ">
            <marc:subfield code="a">Vita.</marc:subfield>
        </marc:datafield>
        <marc:datafield tag="504" ind1=" " ind2=" ">
            <marc:subfield code="a">Bibliography: leaves 76-81.</marc:subfield>
        </marc:datafield>
        <marc:datafield tag="520" ind1=" " ind2=" ">
            <marc:subfield code="a">Abstract.</marc:subfield>
        </marc:datafield>
        <marc:datafield tag="650" ind1=" " ind2="0">
            <marc:subfield code="a">Exercise.</marc:subfield>
        </marc:datafield>
        <marc:datafield tag="650" ind1=" " ind2="0">
            <marc:subfield code="a">Cardiovascular system.</marc:subfield>
        </marc:datafield>
        <marc:datafield tag="710" ind1="2" ind2="0">
            <marc:subfield code="a">Louisiana State University (Baton Rouge, La.).</marc:subfield>
            <marc:subfield code="b">School of Health, Physical Education, Recreation, and Dance.</marc:subfield>
        </marc:datafield>
        <marc:datafield tag="791" ind1=" " ind2=" ">
            <marc:subfield code="a">Educat.D.</marc:subfield>
        </marc:datafield>
        <marc:datafield tag="792" ind1=" " ind2=" ">
            <marc:subfield code="a">1966</marc:subfield>
        </marc:datafield>
        <marc:datafield tag="793" ind1=" " ind2=" ">
            <marc:subfield code="a">English</marc:subfield>
        </marc:datafield>
        <marc:datafield tag="830" ind1=" " ind2="0">
            <marc:subfield code="a">Dissertation (Louisiana State University (Baton Rouge, La.)) ;</marc:subfield>
            <marc:subfield code="v">1966.</marc:subfield>
        </marc:datafield>
        <marc:datafield tag="856" ind1=" " ind2=" ">
            <marc:subfield code="u">http://gateway.proquest.com/openurl?url_ver=Z39.88-2004&amp;rft_val_fmt=info:ofi/fmt:kev:mtx:dissertation&amp;res_dat=xri:pqm&amp;rft_dat=xri:pqdiss:6606447</marc:subfield>
        </marc:datafield>
        <marc:datafield tag="948" ind1=" " ind2=" ">
            <marc:subfield code="a">2/21/1995</marc:subfield>
            <marc:subfield code="c">8/22/1989</marc:subfield>
        </marc:datafield>
        <marc:datafield tag="596" ind1=" " ind2=" ">
            <marc:subfield code="a">6 8</marc:subfield>
        </marc:datafield>
        <marc:datafield tag="998" ind1=" " ind2=" ">
            <marc:subfield code="a">AAI6606447</marc:subfield>
        </marc:datafield>
        <marc:datafield tag="999" ind1=" " ind2=" ">
            <marc:subfield code="a">378.76 L930D 1966 HAMI</marc:subfield>
            <marc:subfield code="w">DEWEY</marc:subfield>
            <marc:subfield code="c">1</marc:subfield>
            <marc:subfield code="i">909457-1001</marc:subfield>
            <marc:subfield code="l">UARCHIVES</marc:subfield>
            <marc:subfield code="m">SPEC_COLL</marc:subfield>
            <marc:subfield code="r">Y</marc:subfield>
            <marc:subfield code="s">Y</marc:subfield>
            <marc:subfield code="t">BOOK</marc:subfield>
            <marc:subfield code="u">11/27/2001</marc:subfield>
            <marc:subfield code="x">DISS</marc:subfield>
        </marc:datafield>
        <marc:datafield tag="999" ind1=" " ind2=" ">
            <marc:subfield code="a">MICROFILM 886 REEL 815D-51</marc:subfield>
            <marc:subfield code="w">ALPHANUM</marc:subfield>
            <marc:subfield code="c">1</marc:subfield>
            <marc:subfield code="i">31518101806317</marc:subfield>
            <marc:subfield code="l">STACKS</marc:subfield>
            <marc:subfield code="m">DOCS_MICRO</marc:subfield>
            <marc:subfield code="r">Y</marc:subfield>
            <marc:subfield code="s">Y</marc:subfield>
            <marc:subfield code="t">MICROFORM</marc:subfield>
            <marc:subfield code="u">11/27/2001</marc:subfield>
            <marc:subfield code="x">MICROFILM</marc:subfield>
        </marc:datafield>
    </marc:record>