
    <marc:record>
        <marc:leader>03956ntm a22003257a 4500</marc:leader>
        <marc:controlfield tag="001">u1920995</marc:controlfield>
        <marc:controlfield tag="003">SIRSI</marc:controlfield>
        <marc:controlfield tag="008">000126s1999    xx a          000 0 eng d</marc:controlfield>
        <marc:datafield tag="035" ind1=" " ind2=" ">
            <marc:subfield code="a">(OCoLC)43352081</marc:subfield>
        </marc:datafield>
        <marc:datafield tag="100" ind1="1" ind2=" ">
            <marc:subfield code="a">Kim, Daekyu,</marc:subfield>
            <marc:subfield code="d">1963-</marc:subfield>
        </marc:datafield>
        <marc:datafield tag="245" ind1="1" ind2="0">
            <marc:subfield code="a">Numerical simulation and experimental verification of cone penetration rate and anisotrophy in cohesive soils /</marc:subfield>
            <marc:subfield code="c">by Daekyu Kim.</marc:subfield>
        </marc:datafield>
        <marc:datafield tag="260" ind1=" " ind2=" ">
            <marc:subfield code="c">1999.</marc:subfield>
        </marc:datafield>
        <marc:datafield tag="300" ind1=" " ind2=" ">
            <marc:subfield code="a">xvi, 211 leaves :</marc:subfield>
            <marc:subfield code="b">ill. ;</marc:subfield>
            <marc:subfield code="c">29 cm.</marc:subfield>
        </marc:datafield>
        <marc:datafield tag="300" ind1=" " ind2=" ">
            <marc:subfield code="a">212 p.</marc:subfield>
        </marc:datafield>
        <marc:datafield tag="490" ind1="1" ind2=" ">
            <marc:subfield code="a">[Dissertation / Louisiana State University] ;</marc:subfield>
            <marc:subfield code="v">1999</marc:subfield>
        </marc:datafield>
        <marc:datafield tag="500" ind1=" " ind2=" ">
            <marc:subfield code="a">&quot;Source: Dissertation Abstracts International, Volume: 61-03, Section: B, page: 1537.;Directors:  Mehmet T. Tumay; George Z. Voyiadjis.&quot;</marc:subfield>
        </marc:datafield>
        <marc:datafield tag="502" ind1=" " ind2=" ">
            <marc:subfield code="a">Thesis (Ph.D.)--Louisiana State University, Baton Rouge, 1999.</marc:subfield>
        </marc:datafield>
        <marc:datafield tag="520" ind1=" " ind2=" ">
            <marc:subfield code="a">&quot;This research focuses on the effects of cone penetration rate and anisotropy on the results of piezocone penetration and subsequent dissipation tests. Finite element analyses, and miniature piezocone penetration and dissipation tests in a calibration chamber were performed, then the results were compared.;The anisotropic elastoplastic-viscoplastic; bounding surface model was chosen as a soil model and it was implemented into a computer program, ANCALBR8. The isotropic/anisotropic triaxial compression, creep tests, and oedometer tests were performed to determine the model parameter values and verify the model. The model showed very good agreement with the triaxial test results.;The theoretical formulation was based on the theory of mixtures with the soil model in the Updated Lagrangian frame, and it was implemented into a computer program, EPVPCS-S. EPVPCS-S was used for the finite element analyses of piezocone penetration and dissipation tests.;Ten piezocone penetration and dissipation tests were conducted under Ko condition using LSU/CALCHAS (Louisiana State University Calibration Chamber System). The K33 (the mixture of 33% kaolin, 67% fine sand) was used for the laboratory tests and the chamber tests as the soil sample. The chamber tests were conducted for normally consolidated and heavily overconsolidated cases at the penetration rates of 0.3 cm/sec and 0.6 cm/sec. The U1 (filter element at the cone tip) and U2 (filter element above the cone base) configurations of miniature piezocone penetrometers were used.;The results of the finite element analyses showed good agreement with the experimental results with regard to cone resistance, excess pore water pressure, and dissipation.;It was observed that cone resistance, excess pore water pressure, and sleeve friction increased with the increase in penetration rate, but decreased with the increase of OCR for both U1 and U2 configurations. The excess pore water pressures at the cone tip (U1) were larger than those above the cone base (U2). The initial immediate drop of excess pore water pressure was clearly identified. Its magnitude increased with the increase in penetration rate, but decreased with the increase of OCR.&quot;</marc:subfield>
        </marc:datafield>
        <marc:datafield tag="710" ind1="2" ind2=" ">
            <marc:subfield code="a">Louisiana State University (Baton Rouge, La.).</marc:subfield>
            <marc:subfield code="b">Dept. of Civil and Environmental Engineering.</marc:subfield>
        </marc:datafield>
        <marc:datafield tag="791" ind1=" " ind2=" ">
            <marc:subfield code="a">Ph.D.</marc:subfield>
        </marc:datafield>
        <marc:datafield tag="792" ind1=" " ind2=" ">
            <marc:subfield code="a">1999</marc:subfield>
        </marc:datafield>
        <marc:datafield tag="793" ind1=" " ind2=" ">
            <marc:subfield code="a">English</marc:subfield>
        </marc:datafield>
        <marc:datafield tag="830" ind1=" " ind2="0">
            <marc:subfield code="a">Dissertation (Louisiana State University (Baton Rouge, La.)) ;</marc:subfield>
            <marc:subfield code="v">1999.</marc:subfield>
        </marc:datafield>
        <marc:datafield tag="856" ind1=" " ind2=" ">
            <marc:subfield code="u">http://gateway.proquest.com/openurl?url_ver=Z39.88-2004&amp;rft_val_fmt=info:ofi/fmt:kev:mtx:dissertation&amp;res_dat=xri:pqm&amp;rft_dat=xri:pqdiss:9960071</marc:subfield>
        </marc:datafield>
        <marc:datafield tag="948" ind1=" " ind2=" ">
            <marc:subfield code="a">3/9/2000</marc:subfield>
            <marc:subfield code="c">1/26/2000</marc:subfield>
        </marc:datafield>
        <marc:datafield tag="596" ind1=" " ind2=" ">
            <marc:subfield code="a">1 6 8</marc:subfield>
        </marc:datafield>
        <marc:datafield tag="998" ind1=" " ind2=" ">
            <marc:subfield code="a">AAI9960071</marc:subfield>
        </marc:datafield>
        <marc:datafield tag="999" ind1=" " ind2=" ">
            <marc:subfield code="a">378.76 L930D 1999 KIM</marc:subfield>
            <marc:subfield code="w">DEWEY</marc:subfield>
            <marc:subfield code="c">1</marc:subfield>
            <marc:subfield code="i">31518089004877</marc:subfield>
            <marc:subfield code="d">6/10/2010</marc:subfield>
            <marc:subfield code="e">5/10/2010</marc:subfield>
            <marc:subfield code="l">STACKS</marc:subfield>
            <marc:subfield code="m">MIDL-MAIN</marc:subfield>
            <marc:subfield code="n">13</marc:subfield>
            <marc:subfield code="r">Y</marc:subfield>
            <marc:subfield code="s">Y</marc:subfield>
            <marc:subfield code="t">BOOK</marc:subfield>
            <marc:subfield code="u">12/7/2001</marc:subfield>
            <marc:subfield code="x">DISS</marc:subfield>
            <marc:subfield code="o">.STAFF.  ship.129 due 3/15/00;cac;</marc:subfield>
        </marc:datafield>
        <marc:datafield tag="999" ind1=" " ind2=" ">
            <marc:subfield code="a">MICROFICHE 1900 NO.1999-218</marc:subfield>
            <marc:subfield code="w">ALPHANUM</marc:subfield>
            <marc:subfield code="c">1</marc:subfield>
            <marc:subfield code="i">31518097620821</marc:subfield>
            <marc:subfield code="j">3</marc:subfield>
            <marc:subfield code="l">STACKS</marc:subfield>
            <marc:subfield code="m">DOCS_MICRO</marc:subfield>
            <marc:subfield code="r">Y</marc:subfield>
            <marc:subfield code="s">Y</marc:subfield>
            <marc:subfield code="t">MICROFORM</marc:subfield>
            <marc:subfield code="u">12/7/2001</marc:subfield>
            <marc:subfield code="x">DISS</marc:subfield>
        </marc:datafield>
        <marc:datafield tag="999" ind1=" " ind2=" ">
            <marc:subfield code="a">LSU DISSERTATION 1999 KIM</marc:subfield>
            <marc:subfield code="w">ASIS</marc:subfield>
            <marc:subfield code="c">1</marc:subfield>
            <marc:subfield code="i">1920995-4001</marc:subfield>
            <marc:subfield code="l">UARCHIVES</marc:subfield>
            <marc:subfield code="m">SPEC_COLL</marc:subfield>
            <marc:subfield code="r">Y</marc:subfield>
            <marc:subfield code="s">Y</marc:subfield>
            <marc:subfield code="t">BOOK</marc:subfield>
            <marc:subfield code="u">6/24/2015</marc:subfield>
            <marc:subfield code="x">DISS</marc:subfield>
            <marc:subfield code="o">.STAFF. Archival Copy. Iron Mountain, LSU Dissertations Box 154 (T824757346)</marc:subfield>
        </marc:datafield>
    </marc:record>