
    <marc:record>
        <marc:leader>04311ntm a22003257a 4500</marc:leader>
        <marc:controlfield tag="001">u1922029</marc:controlfield>
        <marc:controlfield tag="003">SIRSI</marc:controlfield>
        <marc:controlfield tag="008">010606s2001    xx a          000 0 eng d</marc:controlfield>
        <marc:datafield tag="035" ind1=" " ind2=" ">
            <marc:subfield code="a">(OCoLC)47081713</marc:subfield>
        </marc:datafield>
        <marc:datafield tag="100" ind1="1" ind2=" ">
            <marc:subfield code="a">Browndyke, Jeffrey Nicholas,</marc:subfield>
            <marc:subfield code="d">1969-</marc:subfield>
        </marc:datafield>
        <marc:datafield tag="245" ind1="1" ind2="4">
            <marc:subfield code="a">The Remote Neuropsychological Assessment - Category Test :</marc:subfield>
            <marc:subfield code="b">development and validation of a computerized, internet-based neuropsychological assessment measure /</marc:subfield>
            <marc:subfield code="c">by Jeffrey Nicholas Browndyke.</marc:subfield>
        </marc:datafield>
        <marc:datafield tag="260" ind1=" " ind2=" ">
            <marc:subfield code="c">2001.</marc:subfield>
        </marc:datafield>
        <marc:datafield tag="300" ind1=" " ind2=" ">
            <marc:subfield code="a">x, 112 leaves :</marc:subfield>
            <marc:subfield code="b">ill. ;</marc:subfield>
            <marc:subfield code="c">29 cm.</marc:subfield>
        </marc:datafield>
        <marc:datafield tag="300" ind1=" " ind2=" ">
            <marc:subfield code="a">113 p.</marc:subfield>
        </marc:datafield>
        <marc:datafield tag="490" ind1="1" ind2=" ">
            <marc:subfield code="a">[Dissertation / Louisiana State University] ;</marc:subfield>
            <marc:subfield code="v">2001</marc:subfield>
        </marc:datafield>
        <marc:datafield tag="500" ind1=" " ind2=" ">
            <marc:subfield code="a">&quot;Source: Dissertation Abstracts International, Volume: 62-06, Section: B, page: 2951.;Director:  William Drew Gouvier.&quot;</marc:subfield>
        </marc:datafield>
        <marc:datafield tag="502" ind1=" " ind2=" ">
            <marc:subfield code="a">Thesis (Ph.D.)--Louisiana State University, Baton Rouge, 2001.</marc:subfield>
        </marc:datafield>
        <marc:datafield tag="520" ind1=" " ind2=" ">
            <marc:subfield code="a">&quot;In the current investigation, a prototype for the remote assessment of cognitive skills, the &quot;&quot;remote neuropsychological assessment (RNA) model,&quot;&quot; was proposed, and the development and validation of a computerized, Internet-based neuropsychological assessment measure was undertaken to demonstrate the utility and effectiveness of this untapped model of assessment delivery. The Remote Neuropsychological Assessment-Category Test (RNA-CT), a test of abstract concept formation administered via the World Wide Web (WWW), was developed and contrasted with a conventional, non-computerized version of the measure---the Booklet Category Test (BCT). Traditional and novel measurement variables from both measures were compared in a randomized group design of normal college-educated subjects in an attempt to demonstrate equivalence between the conventional assessment and RNA model. Comparison of the equivalence between administration types suggests significant convergence for total error, subtest error variables, and internal factor structure between measures. However, differences in the amount of variance allotted to the factor structures of the subtest error variables suggests that, while equivalent in their outcome variables and internal test structures, the measures tend to differentially weigh their component constructs (i.e., congeneric equivalence). In contrast to the equivalence noted between measures on their primary variables, significant differences between administration types were noted for the majority of the response timing variables (e.g., total test time and total time per subtest). The results of the timing variable comparisons suggest that the RNA-CT may prove to be a more time efficient test. However, a significant positive relationship between timing and error variables was noted for the RNA-CT; a relationship that was not fully supported in the BCT analyses. Future research is needed before the significance or utility of RNA-CT and BCT timing variables can be established.;Overall, the results from the current investigation point toward a high degree of convergent and construct validity between RNA and conventional administrations of a neuropsychological assessment measure in a normal, college-educated population. The theoretical and practical implications of employing a RNA model are discussed and suggestions are provided for the future evaluation and implementation of RNA in modern clinical practice.&quot;</marc:subfield>
        </marc:datafield>
        <marc:datafield tag="710" ind1="2" ind2=" ">
            <marc:subfield code="a">Louisiana State University (Baton Rouge, La.).</marc:subfield>
            <marc:subfield code="b">Dept. of Psychology.</marc:subfield>
        </marc:datafield>
        <marc:datafield tag="791" ind1=" " ind2=" ">
            <marc:subfield code="a">Ph.D.</marc:subfield>
        </marc:datafield>
        <marc:datafield tag="792" ind1=" " ind2=" ">
            <marc:subfield code="a">2001</marc:subfield>
        </marc:datafield>
        <marc:datafield tag="793" ind1=" " ind2=" ">
            <marc:subfield code="a">English</marc:subfield>
        </marc:datafield>
        <marc:datafield tag="830" ind1=" " ind2="0">
            <marc:subfield code="a">Dissertation (Louisiana State University (Baton Rouge, La.)) ;</marc:subfield>
            <marc:subfield code="v">2001.</marc:subfield>
        </marc:datafield>
        <marc:datafield tag="856" ind1=" " ind2=" ">
            <marc:subfield code="u">http://gateway.proquest.com/openurl?url_ver=Z39.88-2004&amp;rft_val_fmt=info:ofi/fmt:kev:mtx:dissertation&amp;res_dat=xri:pqm&amp;rft_dat=xri:pqdiss:3016530</marc:subfield>
        </marc:datafield>
        <marc:datafield tag="948" ind1=" " ind2=" ">
            <marc:subfield code="a">9/5/2001</marc:subfield>
            <marc:subfield code="c">6/6/2001</marc:subfield>
        </marc:datafield>
        <marc:datafield tag="596" ind1=" " ind2=" ">
            <marc:subfield code="a">1 6 8</marc:subfield>
        </marc:datafield>
        <marc:datafield tag="998" ind1=" " ind2=" ">
            <marc:subfield code="a">AAI3016530</marc:subfield>
        </marc:datafield>
        <marc:datafield tag="999" ind1=" " ind2=" ">
            <marc:subfield code="a">378.76 L930D 2001 BROW</marc:subfield>
            <marc:subfield code="w">DEWEY</marc:subfield>
            <marc:subfield code="c">1</marc:subfield>
            <marc:subfield code="i">31518087992933</marc:subfield>
            <marc:subfield code="d">3/17/2003</marc:subfield>
            <marc:subfield code="e">2/13/2003</marc:subfield>
            <marc:subfield code="l">STACKS</marc:subfield>
            <marc:subfield code="m">MIDL-MAIN</marc:subfield>
            <marc:subfield code="n">2</marc:subfield>
            <marc:subfield code="r">Y</marc:subfield>
            <marc:subfield code="s">Y</marc:subfield>
            <marc:subfield code="t">BOOK</marc:subfield>
            <marc:subfield code="u">12/7/2001</marc:subfield>
            <marc:subfield code="x">DISS</marc:subfield>
            <marc:subfield code="o">.STAFF.  ship.01-003 due 8/15/01;omh;</marc:subfield>
        </marc:datafield>
        <marc:datafield tag="999" ind1=" " ind2=" ">
            <marc:subfield code="a">MICROFICHE 1900 NO.2001-35</marc:subfield>
            <marc:subfield code="w">ALPHANUM</marc:subfield>
            <marc:subfield code="c">1</marc:subfield>
            <marc:subfield code="i">31518092065386</marc:subfield>
            <marc:subfield code="j">2</marc:subfield>
            <marc:subfield code="l">STACKS</marc:subfield>
            <marc:subfield code="m">DOCS_MICRO</marc:subfield>
            <marc:subfield code="r">Y</marc:subfield>
            <marc:subfield code="s">Y</marc:subfield>
            <marc:subfield code="t">MICROFORM</marc:subfield>
            <marc:subfield code="u">12/7/2001</marc:subfield>
            <marc:subfield code="x">MICROFICHE</marc:subfield>
            <marc:subfield code="o">.STAFF.  esp;</marc:subfield>
        </marc:datafield>
        <marc:datafield tag="999" ind1=" " ind2=" ">
            <marc:subfield code="a">LSU DISSERTATION 2001 BROWNDYKE</marc:subfield>
            <marc:subfield code="w">ASIS</marc:subfield>
            <marc:subfield code="c">1</marc:subfield>
            <marc:subfield code="i">1922029-4001</marc:subfield>
            <marc:subfield code="l">UARCHIVES</marc:subfield>
            <marc:subfield code="m">SPEC_COLL</marc:subfield>
            <marc:subfield code="r">Y</marc:subfield>
            <marc:subfield code="s">Y</marc:subfield>
            <marc:subfield code="t">BOOK</marc:subfield>
            <marc:subfield code="u">6/30/2015</marc:subfield>
            <marc:subfield code="x">DISS</marc:subfield>
            <marc:subfield code="0">MISSHELVED</marc:subfield>
            <marc:subfield code="o">.STAFF. Archival Copy. Iron Mountain, LSU Dissertations Box 190 (T824757382)</marc:subfield>
            <marc:subfield code="o">.STAFF. Missing on 7/1/2015--JS</marc:subfield>
        </marc:datafield>
    </marc:record>